@article{coase1937,
  title = {The Nature of the Firm},
  author = {Ronald Coase},
  journal = {Economica},
  year = {1937},
}

@article{arrow1969,
  title = {Classificatory Notes on the Production and Transmission of Technological Knowledge},
  author = {Keneth Arrow},
  journal = {American Economic Review. Papers and Proceedings},
  year = {1969},
}
